@article{kurokawa2017dna,
  title={DNA cytoskeleton for stabilizing artificial cells},
  author={Kurokawa, Chikako and Fujiwara, Kei and Morita, Masamune and Kawamata, Ibuki and Kawagishi, Yui and Sakai, Atsushi and Murayama, Yoshihiro and Shin-ichiro, M Nomura and Murata, Satoshi and Takinoue, Masahiro and others},
  journal={Proceedings of the National Academy of Sciences},
  volume={114},
  number={28},
  pages={7228--7233},
  year={2017},
  publisher={National Acad Sciences}
}

@article{zadeh2011nupack,
  title={NUPACK: analysis and design of nucleic acid systems},
  author={Zadeh, Joseph N and Steenberg, Conrad D and Bois, Justin S and Wolfe, Brian R and Pierce, Marshall B and Khan, Asif R and Dirks, Robert M and Pierce, Niles A},
  journal={Journal of computational chemistry},
  volume={32},
  number={1},
  pages={170--173},
  year={2011},
  publisher={Wiley Online Library}
}

@article{watanabe,
  title={{マイクロ液滴界面を利用したRNA転写可能なDNA}},
  author={渡邉理佐},
  journal={東京工業大学情報理工学院情報工学系知能情報コース修士論文(未公刊)},
  year={2017},
}

@article{sato2019sequence,
  title={Sequence design-based control of DNA droplets formed from phase separation of DNA nanostructures},
  author={Sato, Yusuke and Sakamoto, Tetsuro and Takinoue, Masahiro},
  journal={arXiv preprint arXiv:1907.10252},
  year={2019}
}
